@INPROCEEDINGS{Karl, 
author={K. Ni and N. Armstrong-Crews and S. Sawyer}, 
booktitle={2013 IEEE International Conference on Acoustics, Speech and Signal Processing}, 
title={Geo-registering 3D point clouds to 2D maps with scan matching and the Hough Transform}, 
year={2013}, 
pages={1864-1868}, 
keywords={Hough transforms;image registration;solid modelling;2D maps;2D representation;3D point cloud registration;Hough transform;geo-register 3D point cloud;geo-registered 2D image;normalized Hough similarity function;rotation parameter;scale value;scan matching;semantically labeled 2D image;translation parameter;Google;Laser radar;Sensors;Solid modeling;Three-dimensional displays;Transforms;Vectors;3D;Hough Transform;Meanshift Clustering;Point Cloud;Registration}, 
doi={10.1109/ICASSP.2013.6637976}, 
ISSN={1520-6149}, 
month={May},}

@ARTICLE{Arth, 
	author={C. Arth and C. Pirchheim and J. Ventura and D. Schmalstieg and V. Lepetit}, 
	journal={IEEE Transactions on Visualization and Computer Graphics}, 
	title={Instant Outdoor Localization and SLAM Initialization from 2.5D Maps}, 
	year={2015}, 
	volume={21}, 
	number={11}, 
	pages={1309-1318}, 
	keywords={SLAM (robots);cartography;image motion analysis;mobile computing;object tracking;3D SLAM map;SLAM initialization;absolute camera orientation;arbitrary camera motion tracking;city map model;coarse sensor pose prior;image frame;large-scale geo-localization;mobile device tracking;outdoor localization;simultaneous localization and mapping;Buildings;Cameras;Image segmentation;Mobile handsets;Simultaneous localization and mapping;Solid modeling;Three-dimensional displays;2D map;SLAM;geo-localization;image registration;outdoor augmented reality}, 
	doi={10.1109/TVCG.2015.2459772}, 
	ISSN={1077-2626}, 
	month={Nov},}

@INPROCEEDINGS{Zhang, 
	author={X. Zhang and G. Agam and X. Chen}, 
	booktitle={2014 IEEE Conference on Computer Vision and Pattern Recognition Workshops}, 
	title={Alignment of 3D Building Models with Satellite Images Using Extended Chamfer Matching}, 
	year={2014}, 
	pages={746-753}, 
	keywords={edge detection;geographic information systems;image matching;solid modelling;3D building model alignment satellite images;3D city modeling;Chicago;San Francisco;building roofs;detected edges;extended chamfer matching algorithm;global constraint;Buildings;Equations;Image edge detection;Satellites;Solid modeling;Three-dimensional displays;Vectors}, 
	doi={10.1109/CVPRW.2014.115}, 
	ISSN={2160-7508}, 
	month={June},}

@inproceedings{Liu,
	author = {Liu, M.-Y. and Tuzel, C.O. and Veeraraghavan, A.N. and Chellappa, R.},
	title = {Fast Directional Chamfer Matching},
	booktitle = {IEEE Conference on Computer Vision and Pattern Recognition (CVPR)},
	year = 2010,
	month = jun,
	url = {http://www.merl.com/publications/TR2010-045}
}